<record><leader>00000cas a22000007a 4500</leader><controlfield tag="001">19462482</controlfield><controlfield tag="008">890327d19891997gauwr ne      0   a0eng d</controlfield><datafield ind1=" " ind2=" " tag="010"><subfield code="a">sn 90052334 </subfield></datafield><datafield ind1=" " ind2=" " tag="040"><subfield code="a">GJG</subfield><subfield code="b">eng</subfield><subfield code="c">GJG</subfield><subfield code="d">NLG</subfield><subfield code="d">NSD</subfield><subfield code="d">NLG</subfield><subfield code="d">GUA</subfield><subfield code="d">OCLCQ</subfield><subfield code="d">OCLCF</subfield><subfield code="d">OCLCO</subfield></datafield><datafield ind1=" " ind2=" " tag="012"><subfield code="m">y</subfield></datafield><datafield ind1="1" ind2=" " tag="022"><subfield code="a">1053-7511</subfield><subfield code="l">1053-7511</subfield><subfield code="y">0747-0665</subfield><subfield code="2">1</subfield></datafield><datafield ind1="1" ind2=" " tag="029"><subfield code="a">AU@</subfield><subfield code="b">000020586785</subfield></datafield><datafield ind1=" " ind2=" " tag="032"><subfield code="a">124100</subfield><subfield code="b">USPS</subfield></datafield><datafield ind1=" " ind2=" " tag="042"><subfield code="a">msc</subfield><subfield code="a">nsdp</subfield></datafield><datafield ind1=" " ind2=" " tag="043"><subfield code="a">n-us-ga</subfield></datafield><datafield ind1=" " ind2="4" tag="222"><subfield code="a">The Columbia news-times</subfield></datafield><datafield ind1="0" ind2="4" tag="245"><subfield code="a">The Columbia news-times.</subfield></datafield><datafield ind1=" " ind2=" " tag="260"><subfield code="a">Evans, Ga. :</subfield><subfield code="b">Columbia Pub. Co.,</subfield><subfield code="c">[1989-1997]</subfield></datafield><datafield ind1=" " ind2=" " tag="300"><subfield code="a">v.</subfield></datafield><datafield ind1=" " ind2=" " tag="310"><subfield code="a">Weekly</subfield></datafield><datafield ind1="0" ind2=" " tag="362"><subfield code="a">Vol. 68, no. 29 (Feb. 15, 1989)-v. 76, no. 69 (Apr. 2, 1997).</subfield></datafield><datafield ind1=" " ind2=" " tag="530"><subfield code="a">Also on microfilm: Athens, Ga. : University of Georgia Libraries.</subfield></datafield><datafield ind1=" " ind2="0" tag="651"><subfield code="a">Columbia County (Ga.)</subfield><subfield code="v">Newspapers.</subfield></datafield><datafield ind1=" " ind2="7" tag="655"><subfield code="a">Newspapers.</subfield><subfield code="2">fast</subfield><subfield code="0">(OCoLC)fst01423814</subfield></datafield><datafield ind1=" " ind2="7" tag="651"><subfield code="a">Georgia</subfield><subfield code="z">Columbia County.</subfield><subfield code="2">fast</subfield><subfield code="0">(OCoLC)fst01207365</subfield></datafield><datafield ind1=" " ind2=" " tag="752"><subfield code="a">United States</subfield><subfield code="b">Georgia</subfield><subfield code="c">Columbia</subfield><subfield code="d">Evans.</subfield></datafield><datafield ind1="0" ind2="0" tag="780"><subfield code="t">News-times (Martinez, Ga.)</subfield><subfield code="x">0747-0665</subfield><subfield code="w">(DLC)sn 84009845</subfield><subfield code="w">(OCoLC)10519983</subfield></datafield><datafield ind1="0" ind2="0" tag="785"><subfield code="t">Columbia County news-times</subfield><subfield code="w">(DLC)  2002233222</subfield><subfield code="w">(OCoLC)51455902</subfield></datafield></record>